@article{carr_2016_publicprivate,
  author = {Carr, Madeline},
  month = {01},
  number = {1},
  pages = {43–62},
  title = {Public–private partnerships in national cyber-security strategies},
  doi = {10.1111/1468-2346.12504},
  volume = {92},
  year = {2016},
  journal = {International Affairs}
}

@article{boeke_2018_national,
  author = {Boeke, Sergei},
  month = {07},
  number = {3},
  pages = {449–464},
  title = {National cyber crisis management: Different European approaches},
  doi = {10.1111/gove.12309},
  volume = {31},
  year = {2018},
  journal = {Governance}
}

@article{slayton_2017_what,
  author = {Slayton, Rebecca},
  month = {02},
  number = {3},
  pages = {72–109},
  title = {What Is the Cyber Offense-Defense Balance?: Conceptions, Causes, and Assessment},
  doi = {10.1162/isec_a_00267},
  volume = {41},
  year = {2017},
  journal = {International Security}
}

@misc{brantly_2019_cybersecurity,
  author = {Brantly, Aaron F and Puyvelde, Van},
  month = {08},
  title = {Cybersecurity: Politics, Governance and Conflict in Cyberspace},
  year = {2019}
}

@article{cavelty_2020_cyber,
  author = {Cavelty, Myriam Dunn and Wenger, Andreas},
  month = {01},
  number = {1},
  pages = {5–32},
  title = {Cyber security meets security politics: Complex technology, fragmented politics, and networked science},
  doi = {10.1080/13523260.2019.1678855},
  volume = {41},
  year = {2020},
  journal = {Contemporary Security Policy}
}

@article{gottemoeller_2022_engaging,
  author = {Gottemoeller, Rose and Hedgecock, Kathryn and Magula, Justin and Poast, Paul},
  month = {06},
  pages = {1–9},
  title = {Engaging with emerged and emerging domains: cyber, space, and technology in the 2022 NATO strategic concept},
  doi = {10.1080/14702436.2022.2082955},
  year = {2022},
  journal = {Defence Studies}
}

@article{andrbarrinha_2022_speaking,
  author = {André Barrinha and Christou, G},
  month = {07},
  number = {3},
  pages = {356–376},
  title = {Speaking sovereignty: the EU in the cyber domain},
  doi = {10.1080/09662839.2022.2102895},
  volume = {31},
  year = {2022},
  journal = {European Security}
}

@article{cavelty_2020_international,
  author = {Cavelty, Myriam Dunn},
  month = {06},
  number = {2},
  pages = {692–693},
  title = {International Relations in the Cyber Age: The Co-Evolution Dilemma. By Nazli Choucri and David D. Clark. Cambridge, MA: MIT Press, 2018. 420p. $45.00 cloth.},
  doi = {10.1017/s1537592720000560},
  volume = {18},
  year = {2020},
  journal = {Perspectives on Politics}
}

@article{kello_2013_the,
  author = {Kello, Lucas},
  month = {10},
  number = {2},
  pages = {7–40},
  title = {The Meaning of the Cyber Revolution: Perils to Theory and Statecraft},
  doi = {10.1162/isec_a_00138},
  volume = {38},
  year = {2013},
  journal = {International Security}
}

@article{farrell_2019_weaponized,
  author = {Farrell, Henry and Newman, Abraham L},
  month = {07},
  number = {1},
  pages = {42–79},
  title = {Weaponized Interdependence: How Global Economic Networks Shape State Coercion},
  doi = {10.1162/isec_a_00351},
  volume = {44},
  year = {2019},
  journal = {International Security}
}

@misc{bendiek_2018_the,
  author = {Bendiek, Annegret},
  month = {01},
  pages = {8},
  title = {The EU as a force for peace in international cyber diplomacy},
  year = {2018}
}

@article{nye_2017_deterrence,
  author = {Nye, Joseph S},
  month = {02},
  number = {3},
  pages = {44–71},
  title = {Deterrence and Dissuasion in Cyberspace},
  doi = {10.1162/isec_a_00266},
  volume = {41},
  year = {2017},
  journal = {International Security}
}

@article{backman_2020_conceptualizing,
  author = {Backman, Sarah},
  title = {Conceptualizing cyber crises},
  doi = {10.1111/1468-5973.12347},
  year = {2020},
  journal = {Journal of Contingencies and Crisis Management}
}

@misc{jointchiefsofstaff_2018_cyberspace,
  author = {Joint Chiefs of Staff},
  month = {06},
  title = {Cyberspace Operations},
  url = {https://www.jcs.mil/Portals/36/Documents/Doctrine/pubs/jp3_12.pdf},
  year = {2018}
}

@misc{internationaltelecommunicationunion_2008_recommendation,
  author = {{International Telecommunication Union}},
  title = {Recommendation X.1205 (04/08): Overview ofCybersecurity},
  url = {https://www.itu.int/rec/T-REC-X.1205-200804-I},
  urldate = {2023-02-18},
  year = {2008},
  organization = {www.itu.int}
}

@book{nazlichoucri_2012_cyberpolitics,
  author = {Nazli Choucri},
  publisher = {Mit Press},
  title = {Cyberpolitics in International Relations : Context, Connectivity, and Content.},
  year = {2012}
}

@misc{manantan_2021_defining,
  author = {Manantan, Mark},
  month = {11},
  title = {Defining Cyber Diplomacy},
  url = {https://www.internationalaffairs.org.au/australianoutlook/defining-cyber-diplomacy/},
  urldate = {2023-02-20},
  year = {2021},
  organization = {Australian Institute of International Affairs}
}

@misc{worldeconomicforum_2023_the,
  author = {{World Economic Forum}},
  annote = {ISBN-13: 978-2-940631-36-0},
  month = {01},
  title = {The Global Risks Report 2023 18th Edition},
  url = {https://www3.weforum.org/docs/WEF_Global_Risks_Report_2023.pdf},
  year = {2023}
}

@article{maathuis_2018_developing,
  author = {Maathuis, C and Pieters, W and van den Berg, J},
  pages = {32–49},
  title = {Developing a Cyber Operations Computational Ontology},
  url = {https://www.jstor.org/stable/26633164},
  urldate = {2023-03-18},
  volume = {17},
  year = {2018},
  journal = {Journal of Information Warfare}
}

@misc{smith_2022_defending,
  author = {Smith, Brad},
  month = {06},
  title = {Defending Ukraine: Early Lessons from the Cyber War},
  url = {https://blogs.microsoft.com/on-the-issues/2022/06/22/defending-ukraine-early-lessons-from-the-cyber-war/},
  year = {2022},
  organization = {Microsoft On the Issues}
}

@misc{huntley_2023_fog,
  author = {Huntley, Shane},
  month = {02},
  title = {Fog of war: how the Ukraine conflict transformed the cyber threat landscape},
  url = {https://blog.google/threat-analysis-group/fog-of-war-how-the-ukraine-conflict-transformed-the-cyber-threat-landscape/},
  urldate = {2023-04-27},
  year = {2023},
  organization = {Google}
}

@article{willett_2022_the,
  author = {Willett, Marcus},
  month = {09},
  pages = {7-26},
  title = {The Cyber Dimension of the Russia–Ukraine War},
  doi = {10.1080/00396338.2022.2126193},
  volume = {64},
  year = {2022},
  journal = {Survival}
}

@article{serpanos_2022_the,
  author = {Serpanos, Dimitrios and Komninos, Theodoros},
  month = {07},
  pages = {88-91},
  title = {The Cyberwarfare in Ukraine},
  doi = {10.1109/mc.2022.3170644},
  volume = {55},
  year = {2022},
  journal = {Computer}
}

@article{lin_2022_russian,
  author = {Lin, Herbert},
  pages = {31–46},
  title = {Russian Cyber Operations in the Invasion of Ukraine},
  url = {https://www.jstor.org/stable/48703290},
  urldate = {2023-04-27},
  volume = {7},
  year = {2022},
  journal = {The Cyber Defense Review}
}

@article{maschmeyer_2022_other,
  author = {Maschmeyer, Dunn and Cavelty, Myriam},
  month = {03},
  title = {Other Publication},
  doi = {10.3929/ethz-b-000549252},
  url = {https://www.research-collection.ethz.ch/bitstream/handle/20.500.11850/549252/2/PP10-3_2022-EN.pdf},
  volume = {10},
  year = {2022},
  journal = {CSS Policy Perspectives}
}

@misc{cyberpeaceinstitute_2023_cyber,
  author = {{CyberPeace Institute}},
  month = {02},
  title = {Cyber Dimensions of the Armed Conflict in Ukraine Q4 - 2022},
  url = {https://cyberpeaceinstitute.org/publications/cyber-dimensions-of-the-armed-conflict-in-ukraine-q4-2022/},
  urldate = {2023-04-27},
  year = {2023},
  organization = {CyberPeace Institute}
}

@misc{lewis_2022_cyber,
  author = {Lewis, James},
  title = {Cyber War and Ukraine},
  url = {https://csis-website-prod.s3.amazonaws.com/s3fs-public/publication/220616_Lewis_Cyber_War.pdf?VersionId=S.iEKeom79InugnYWlcZL4r3Ljuq.ash},
  year = {2022}
}

@misc{cyberpeaceinstitute_2023_cyber,
  author = {{CyberPeace Institute}},
  month = {03},
  title = {Cyber Dimensions of the Armed Conflict in Ukraine Q1 - 2023},
  url = {https://cyberpeaceinstitute.org/wp-content/uploads/2023/05/Ukraine-Report-Q1_2023.pdf},
  year = {2023}
}

@misc{beecroft_2022_evaluating,
  author = {Beecroft, Nick},
  month = {11},
  title = {Evaluating the International Support to Ukrainian Cyber Defense},
  url = {https://carnegieendowment.org/2022/11/03/evaluating-international-support-to-ukrainian-cyber-defense-pub-88322},
  urldate = {2023-05-07},
  year = {2022},
  organization = {Carniege Endowment for International Peace}
}

@misc{levite_2023_integrating,
  author = {Levite, Ariel},
  month = {04},
  title = {Integrating Cyber Into Warfighting: Some Early Takeaways From the Ukraine Conflict},
  url = {https://carnegieendowment.org/2023/04/18/integrating-cyber-into-warfighting-some-early-takeaways-from-ukraine-conflict-pub-89544},
  urldate = {2023-05-07},
  year = {2023},
  organization = {Carniege Endowment for International Peace}
}

@misc{bat_2022_what,
  author = {Bat, Jon  and Beecroft, Nick  and Wilde, Gavin},
  month = {12},
  title = {What the Russian Invasion Reveals About the Future of Cyber Warfare},
  url = {https://carnegieendowment.org/2022/12/19/what-russian-invasion-reveals-about-future-of-cyber-warfare-pub-88667},
  urldate = {2023-05-07},
  year = {2022},
  organization = {Carniege Endowment for International Peace}
}

@misc{baetman_2022_russias,
  author = {Baetman, Jon},
  month = {12},
  title = {Russia’s Wartime Cyber Operations in Ukraine: Military Impacts, Influences, and Implications},
  url = {https://carnegieendowment.org/2022/12/16/russia-s-wartime-cyber-operations-in-ukraine-military-impacts-influences-and-implications-pub-88657},
  urldate = {2023-05-07},
  year = {2022}
}

@misc{wilde_2022_cyber,
  author = {Wilde, Gavin},
  month = {12},
  title = {Cyber Operations in Ukraine: Russia’s Unmet Expectations},
  url = {https://carnegieendowment.org/2022/12/12/cyber-operations-in-ukraine-russia-s-unmet-expectations-pub-88607},
  year = {2022},
  organization = {Carnegie Endowment for International Peace}
}

@misc{microsoft_2022_an,
  author = {Microsoft},
  title = {An overview of Russia's cyberattack activity in Ukraine Special Report: Ukraine Digital Security Unit},
  url = {https://query.prod.cms.rt.microsoft.com/cms/api/am/binary/RE4Vwwd},
  year = {2022}
}

@misc{whyte_2018_rethinking,
  author = {Whyte, Christopher and Jensen, Benjamin and Donald, Brandon and Chair, Bren},
  month = {06},
  title = {Rethinking the Data Wheel: Automating Open- Access, Public Data on Cyber Conflict},
  url = {https://ccdcoe.org/uploads/2018/10/Art-01-Rethinking-the-Data-Wheel-Automating-Open-Access-Public-Data-on-Cyber-Conflict.pdf},
  urldate = {2023-05-28},
  year = {2018}
}

@book{valeriano_2018_cyber,
  author = {Valeriano, Brandon and Jensen, Benjamin and Maness, Ryan C.},
  month = {05},
  publisher = {Oxford University Press},
  title = {Cyber Strategy},
  doi = {10.1093/oso/9780190618094.001.0001},
  year = {2018},
  organization = {Oxford Scholarship Online}
}

@article{dunncavelty_2018_europes,
  author = {Dunn Cavelty, Myriam},
  month = {01},
  pages = {304-320},
  title = {Europe's cyber-power},
  doi = {10.1080/23745118.2018.1430718},
  urldate = {2019-08-07},
  volume = {19},
  year = {2018},
  journal = {European Politics and Society}
}

@misc{klimburg_2011_cybersecurity,
  author = {Klimburg, Alexander and Tirmaa-Klaar, Heli},
  month = {04},
  publisher = {European Parliamentary Research Service},
  title = {Cybersecurity and Cyberpower : Concepts, Conditions and Capabilities for Cooperation for Action within the EU},
  url = {https://policycommons.net/artifacts/1339311/cybersecurity-and-cyberpower/1948895/fragments/},
  urldate = {2023-05-28},
  year = {2011},
  organization = {Policycommons.net}
}

@article{sliwinski_2014_moving,
  author = {Sliwinski, Krzysztof Feliks},
  month = {09},
  pages = {468-486},
  title = {Moving beyond the European Union's Weakness as a Cyber-Security Agent},
  doi = {10.1080/13523260.2014.959261},
  volume = {35},
  year = {2014},
  journal = {Contemporary Security Policy}
}

@misc{nye_2010_cyber,
  author = {Nye, Joseph},
  title = {Cyber Power},
  url = {https://www.belfercenter.org/sites/default/files/files/publication/cyber-power.pdf},
  urldate = {2023-05-28},
  year = {2010}
}

@book{betz_2011_cyberspace,
  author = {Betz, David J. and Stevens, Tim},
  publisher = {Taylor and Francis},
  title = {Cyberspace and the State : Towards a Strategy for Cyber-Power},
  year = {2011}
}

@article{klimburg_2011_the,
  author = {Klimburg, Alexander},
  pages = {171–179},
  title = {The Whole of Nation in Cyberpower},
  url = {https://www.jstor.org/stable/43133826},
  urldate = {2022-03-24},
  year = {2011},
  journal = {Georgetown Journal of International Affairs}
}

@book{a2017_tallinn,
  editor = {Schmitt, Michael N.},
  publisher = {Cambridge University Press},
  title = {Tallinn Manual 2.0 on the International Law Applicable to Cyber Operations},
  doi = {10.1017/9781316822524},
  url = {https://www.cambridge.org/core/books/tallinn-manual-20-on-the-international-law-applicable-to-cyber-operations/E4FFD83EA790D7C4C3C28FC9CA2FB6C9},
  year = {2017}
}

@misc{delerue_2023_toward,
  author = {Delerue, François },
  month = {06},
  title = {TOWARD AN EU POSITION ON THE APPLICATION OF INTERNATIONAL LAW IN CYBERSPACE},
  url = {https://eucd.s3.eu-central-1.amazonaws.com/eucd/assets/Nxf7LKcU/toward-an-eu-position-on-international-law_delerue.pdf},
  urldate = {2023-06-14},
  year = {2023}
}

@misc{reardon_2012_the,
  author = {Reardon, Robert and Choucri, Nazli},
  title = {The Role of Cyberspace in International Relations: A View of the Literature},
  url = {https://dspace.mit.edu/bitstream/handle/1721.1/141724/Reardon%2C%20Choucri%20%282012%29%20The%20role%20of%20cyberspace%20in%20international%20relations.pdf?sequence=1&isAllowed=y},
  urldate = {2023-05-07},
  year = {2012}
}

@book{rid_2017_cyber,
  author = {Rid, Thomas},
  publisher = {Oxford University Press},
  title = {Cyber war will not take place},
  year = {2017}
}

@article{maschmeyer_2022_goodbye,
  author = {Maschmeyer,  Lennart  and Dunn Cavelty, Myriam },
  month = {05},
  title = {Goodbye Cyberwar: Ukraine as Reality Check },
  url = {https://css.ethz.ch/content/dam/ethz/special-interest/gess/cis/center-for-securities-studies/pdfs/PP10-3_2022-EN.pdf},
  urldate = {2023-06-17},
  volume = {10},
  year = {2022},
  journal = {Policy Perspectives}
}

@article{simi_2021_cyber,
  author = {Simić, Jasminka},
  pages = {45-56},
  title = {Cyber Security New Threats for Diplomacy},
  doi = {10.1007/978-3-030-68647-5_4},
  year = {2021},
  journal = {Artificial Intelligence and Digital Diplomacy}
}

@article{kasper_2021_the,
  author = {Kasper, Agnes and Vernygora, Vlad},
  month = {09},
  pages = {29-71},
  title = {The EU’s cybersecurity: a strategic narrative of a cyber power or a confusing policy for a local common market?},
  doi = {10.18543/ced-65-2021pp29-71},
  urldate = {2022-02-19},
  year = {2021},
  journal = {Cuadernos Europeos de Deusto}
}

@misc{kuehl_2009_from,
  author = {Kuehl, Daniel},
  title = {From Cyberspace to Cyberpower: Defining the Problem},
  url = {https://ndupress.ndu.edu/Portals/68/Documents/Books/CTBSP-Exports/Cyberpower/Cyberpower-I-Chap-02.pdf?ver=2017-06-16-115052-210},
  year = {2009}
}

@article{bebber_2017_cyber,
  author = {Bebber, Robert “Jake”},
  month = {10},
  pages = {426-436},
  title = {Cyber power and cyber effectiveness: An analytic framework},
  doi = {10.1080/01495933.2017.1379833},
  volume = {36},
  year = {2017},
  journal = {Comparative Strategy}
}

@article{holsti_1964_the,
  author = {Holsti, K. J.},
  month = {02},
  pages = {179},
  title = {The Concept of Power in the Study of International Relations},
  doi = {10.2307/3013644},
  url = {https://www.jstor.org/stable/3013644},
  volume = {7},
  year = {1964},
  journal = {Background}
}

@article{fels_2016_power,
  author = {Fels, Enrico},
  month = {11},
  pages = {153-193},
  title = {Power in International Relations},
  doi = {10.1007/978-3-319-45689-8_3},
  urldate = {2023-07-15},
  year = {2016},
  journal = {}
}

@book{morgenthau_1948_politics,
  author = {Morgenthau, Hans Joachim},
  publisher = {New York : A.A. Knopf},
  title = {Politics Among Nations},
  year = {1948}
}

@article{pan_2014_rethinking,
  author = {Pan, Chengxin},
  pages = {387–410},
  title = {Rethinking Chinese Power: A Conceptual Corrective to the "Power Shift" Narrative},
  url = {https://www.jstor.org/stable/43738096},
  volume = {38},
  year = {2014},
  journal = {Asian Perspective}
}

@misc{faesen_2022_cyber,
  author = {Faesen, Louk and Klimburg, Alexander  and Rademaker, Michel  and Heyster, Saskia },
  month = {05},
  title = {Cyber Arms Watch An Analysis of Stated & Perceived Offensive Cyber Capabilities},
  url = {https://hcss.nl/wp-content/uploads/2022/05/Cyber-Arms-Watch-HCSS-2022-1.pdf},
  urldate = {2023-07-15},
  year = {2022}
}

@misc{voo_2022_national,
  author = {Voo, Julia and Hemani, Irfan and Cassidy, Daniel},
  month = {09},
  title = {National Cyber Power Index 2022},
  url = {https://www.belfercenter.org/sites/default/files/files/publication/CyberProject_National%20Cyber%20Power%20Index%202022_v3_220922.pdf},
  year = {2022}
}

@misc{internationaltelecommunicationunion_2020_global,
  author = {{International Telecommunication Union}},
  title = {Global Cybersecurity Index 2020 International Telecommunication Union Development Sector},
  url = {https://www.itu.int/dms_pub/itu-d/opb/str/D-STR-GCI.01-2021-PDF-E.pdf},
  urldate = {2023-07-17},
  year = {2020}
}

@inbook{vanhaaster_2016_assessing,
  author = {Van Haaster, Jelle},
  pages = {7-21},
  publisher = {NATO CCD COE},
  title = {Assessing Cyber Power},
  url = {https://ccdcoe.org/uploads/2018/10/Art-01-Assessing-Cyber-Power.pdf},
  urldate = {2023-07-17},
  year = {2016},
  organization = {Cyber Power},
  series = {Cyber Power}
}

@article{barnett_2005_power,
  author = {Barnett, Michael and Duvall, Raymond},
  pages = {39–75},
  title = {Power in International Politics},
  url = {https://www.jstor.org/stable/3877878},
  volume = {59},
  year = {2005},
  journal = {International Organization}
}

@article{haugaard_2012_rethinking,
  author = {Haugaard, Mark},
  month = {04},
  pages = {33-54},
  title = {Rethinking the four dimensions of power: domination and empowerment},
  doi = {10.1080/2158379x.2012.660810},
  volume = {5},
  year = {2012},
  journal = {Journal of Political Power}
}

@article{klimburg_2011_mobilising,
  author = {Klimburg, Alexander},
  month = {01},
  pages = {41-60},
  title = {Mobilising Cyber Power},
  doi = {10.1080/00396338.2011.555595},
  volume = {53},
  year = {2011},
  journal = {Survival}
}

@misc{counciloftheeuropeanunion_2020_regulation,
  author = {{Council of the European Union}},
  month = {07},
  title = {Regulation 2020/1124},
  url = {https://eur-lex.europa.eu/legal-content/EN/TXT/?uri=uriserv:OJ.L%5F.2020.246.01.0001.01.ENG&toc=OJ:L:2020:246:TOC},
  urldate = {2023-07-24},
  year = {2020}
}

@article{moret_2017_the,
  author = {Moret, Erica  and Pawlak, Patryk },
  month = {07},
  title = {The EU Cyber Diplomacy Toolbox: towards a cyber sanctions regime?},
  url = {https://www.iss.europa.eu/sites/default/files/EUISSFiles/Brief%2024%20Cyber%20sanctions.pdf},
  urldate = {2023-07-24},
  year = {2017},
  journal = {Brief Issue - EUISS}
}

@misc{detomascolatin_2020_si,
  author = {De Tomas Colatin, Samuele },
  publisher = {NATO Cooperative Cyber Defence Centre of Excellence},
  title = {Si vis cyber pacem, para sanctiones: the EU Cyber Diplomacy Toolbox in action},
  url = {https://ccdcoe.org/library/publications/si-vis-cyber-pacem-para-sanctiones-the-eu-cyber-diplomacy-toolbox-in-action/},
  urldate = {2023-07-24},
  year = {2020},
  organization = {ccdcoe.org}
}

@article{counciloftheeuropeanunion_2017_council,
  author = {{Council of the European Union}},
  month = {06},
  title = {COUNCIL CONCLUSIONS ON A FRAMEWORK FOR A JOINT EU DIPLOMATIC RESPONSE TO MALICIOUS CYBER ACTIVITIES ("CYBER DIPLOMACY TOOLBOX")},
  url = {https://data.consilium.europa.eu/doc/document/ST-10474-2017-INIT/en/pdf},
  urldate = {2023-07-24},
  year = {2017},
  journal = {https://data.consilium.europa.eu/}
}

@article{miadzvetskaya_2021_the,
  author = {Miadzvetskaya, Yuliya and Wessel, Ramses},
  pages = {413-438},
  title = {The Externalisation of the EU's Cybersecurity Regime: The Cyber Diplomacy Toolbox},
  doi = {10.15166/2499-8249/570},
  url = {https://www.europeanpapers.eu/en/system/files/pdf_version/EP_eJ_2022_1_2_Articles_Yuliya_Miadzvetskaya_Ramses_Wessel_00570.pdf},
  urldate = {2022-09-20},
  volume = {7},
  year = {2021},
  journal = {European Papers}
}

@article{markopoulou_2019_the,
  author = {Markopoulou, Dimitra and Papakonstantinou, Vagelis and de Hert, Paul},
  month = {08},
  pages = {105336},
  title = {The new EU cybersecurity framework: The NIS Directive, ENISA's role and the General Data Protection Regulation},
  doi = {10.1016/j.clsr.2019.06.007},
  urldate = {2019-11-06},
  year = {2019},
  journal = {Computer Law & Security Review}
}

@misc{enisa_2023_nis,
  author = {ENISA},
  month = {01},
  title = {NIS Directive},
  url = {https://www.enisa.europa.eu/topics/cybersecurity-policy/nis-directive-new},
  urldate = {2023-07-26},
  year = {2023},
  organization = {ENISA}
}

@misc{europeanparliament_2019_regulation,
  author = {{European Parliament and Council of the European Union}},
  month = {04},
  title = {Regulation (EU) 2019/881 of the European Parliament and of the Council of 17 April 2019 on ENISA (the European Union Agency for Cybersecurity) and on information and communications technology cybersecurity certification and repealing Regulation (EU) No 526/2013 (Cybersecurity Act)},
  url = {https://eur-lex.europa.eu/eli/reg/2019/881/oj},
  urldate = {2023-07-26},
  year = {2019}
}

@article{christou_2014_the,
  author = {Christou, George },
  title = {The EU’s Approach to Cyber Security},
  url = {https://www.essex.ac.uk/-/media/documents/research/eu-china/eusc-cyber-security-eu-christou.pdf},
  urldate = {2023-07-26},
  volume = {Policy paper series},
  year = {2014},
  journal = {EU-China Security Cooperation: performance and prospects}
}

@article{pohle_2020_digital,
  author = {Pohle, Julia and Thiel, Thorsten},
  month = {12},
  title = {Digital sovereignty},
  url = {https://policyreview.info/concepts/digital-sovereignty},
  volume = {9},
  year = {2020},
  journal = {Internet Policy Review}
}

@article{kuehl_2009_from,
  author = {Kuehl, Daniel T.},
  pages = {24-42},
  title = {From Cyberspace to Cyberpower:},
  doi = {10.2307/j.ctt1djmhj1.7},
  year = {2009},
  journal = {Cyberpower and National Security}
}

@article{guzzini_1993_structural,
  author = {Guzzini, Stefano},
  title = {Structural Power: The limits of neorealist power analysis},
  url = {https://cadmus.eui.eu/handle/1814/23701},
  urldate = {2023-07-30},
  volume = {47},
  year = {1993},
  journal = {cadmus.eui.eu}
}

@misc{eeas_2016_eu,
  author = {EEAS},
  month = {10},
  title = {EU and NATO cyber defence cooperation},
  url = {https://ec.europa.eu/commission/presscorner/detail/en/ip_23_3564},
  year = {2016},
  organization = {European Union External Action}
}

@article{carrapico_2017_the,
  author = {Carrapico, Helena and Barrinha, André},
  month = {05},
  pages = {1254-1272},
  title = {The EU as a Coherent (Cyber)Security Actor?},
  doi = {10.1111/jcms.12575},
  urldate = {2019-04-28},
  volume = {55},
  year = {2017},
  journal = {JCMS: Journal of Common Market Studies}
}

@misc{missiroli_2001_occasional,
  author = {Missiroli, Antonio},
  pages = {1-16},
  publisher = {The Institute for Security Studies Western European Union},
  title = {OCCASIONAL PAPERS 27 COHERENCE FOR SECURITY POLICY: DEBATES -CASES -ASSESSMENTS},
  url = {https://www.iss.europa.eu/sites/default/files/EUISSFiles/occ027.pdf},
  urldate = {2022-04-21},
  year = {2001},
  organization = {iss.europa.eu}
}

@misc{shilder_2022_securitisation,
  author = {Shilder, T.},
  month = {03},
  title = {Securitisation, China and FDI: The EU’s Foreign Direct Investment Screening Regulation},
  url = {https://www.e-ir.info/2022/03/15/securitisation-china-and-fdi-the-eus-foreign-direct-investment-screening-regulation/},
  urldate = {2023-08-02},
  year = {2022},
  organization = {E-International Relations}
}

@misc{cjeu_2015_opinion,
  author = {CJEU},
  title = {Opinion 2/15},
  url = {https://curia.europa.eu/juris/document/document.jsf?text=&docid=190727&doclang=EN},
  year = {2015},
  organization = {curia.europa.eu}
}

@misc{counciloftheeuropeanunion_2018_eu,
  author = {{Council of the European Union}},
  month = {06},
  title = {EU External Cyber Capacity Building Guidelines},
  url = {https://data.consilium.europa.eu/doc/document/ST-10496-2018-INIT/en/pdf},
  urldate = {2023-08-03},
  year = {2018}
}

@misc{kurowska_2019_the,
  author = {Kurowska, Xymena },
  month = {03},
  title = {The politics of cyber norms: Beyond norm construction towards strategic narrative contestation :: EU Cyber Direct},
  url = {https://eucyberdirect.eu/research/the-politics-of-cyber-norms-beyond-norm-construction-towards-strategic-narrative-contestation},
  urldate = {2023-08-03},
  year = {2019},
  organization = {eucyberdirect}
}

@misc{renard_2014_european,
  author = {Renard, Thomas},
  title = {EUROPEAN STRATEGIC PARTNERSHIPS OBSERVATORY Partners in crime? The EU, its strategic partners and international organised crime},
  url = {https://www.pravo.unizg.hr/_download/repository/ESPO-WP5.pdf},
  urldate = {2020-11-28},
  year = {2014}
}

@misc{eeas_2022_a,
  author = {EEAS},
  title = {A Strategic Compass for Security and Defence | EEAS Website},
  url = {https://www.eeas.europa.eu/eeas/strategic-compass-security-and-defence-1_en},
  year = {2022},
  organization = {www.eeas.europa.eu}
}

@book{carlvonclausewitz_1984_on,
  author = {Carl Von Clausewitz},
  publisher = {Princeton University Press},
  title = {On war},
  year = {1984}
}

@inbook{odermatt_2018_the,
  author = {Odermatt, Jed},
  month = {12},
  pages = {354–373},
  publisher = {Edward Elgar Publishing},
  title = {The European Union as a cybersecurity actor},
  url = {https://www.elgaronline.com/display/edcoll/9781785364075/9781785364075.00026.xml},
  urldate = {2023-08-30},
  year = {2018},
  organization = {www.elgaronline.com},
  series = {www.elgaronline.com}
}

@article{cremer_2022_cyber,
  author = {Cremer, Frank and Sheehan, Barry and Fortmann, Michael and Kia, Arash N. and Mullins, Martin and Murphy, Finbarr and Materne, Stefan},
  month = {02},
  title = {Cyber risk and cybersecurity: a systematic review of data availability},
  doi = {10.1057/s41288-022-00266-6},
  volume = {47},
  year = {2022},
  journal = {The Geneva Papers on Risk and Insurance - Issues and Practice}
}

@misc{nabe_2020_impact,
  author = {Nabe, Cedric},
  publisher = {Deloitte},
  title = {Impact of COVID-19 on Cybersecurity},
  url = {https://www2.deloitte.com/ch/en/pages/risk/articles/impact-covid-cybersecurity.html},
  year = {2020},
  organization = {Deloitte Switzerland}
}

@misc{hiik_methodology,
  author = {HIIK},
  title = {Methodology Conflict Barometer },
  url = {https://hiik.de/hiik/methodology/?lang=en},
  organization = {https://hiik.de/}
}

@inbook{petratos_2014_cybersecurity,
  author = {Petratos, Pythagoras},
  month = {01},
  pages = {279-301},
  title = {Cybersecurity in Europe: Cooperation and Investment},
  doi = {10.1007/978-1-4939-1028-1_11},
  urldate = {2023-09-07},
  year = {2014},
  organization = {Springer eBooks},
  series = {Springer eBooks}
}

@misc{sudar_2020_analysis,
  author = {Sudar, K.Muthamil and Deepalakshmi, P. and Nagaraj, P. and Muneeswaran, V.},
  month = {11},
  pages = {12–16},
  title = {Analysis of Cyberattacks and its Detection Mechanisms},
  doi = {10.1109/ICRCICN50933.2020.9296178},
  url = {https://ieeexplore.ieee.org/abstract/document/9296178?casa_token=Xe-snAkxUfsAAAAA:husYMgmQzyARHc43mFTvjxbvzwOvmYul-Klc_UvkHnp3K2kYAfG4J27eD_Ozq5Akp9EzlmrOjw},
  year = {2020},
  organization = {IEEE Xplore}
}

@book{lamont_2021_research,
  author = {Lamont, Christopher},
  month = {11},
  publisher = {SAGE},
  title = {Research Methods in International Relations},
  year = {2021}
}

@article{rogerson_2000_information,
  author = {Rogerson, Kenneth S.},
  month = {01},
  pages = {415-436},
  title = {INFORMATION INTERDEPENDENCE: Keohane and Nye's complex interdependence in the information age},
  doi = {10.1080/13691180051033379},
  volume = {3},
  year = {2000},
  journal = {Information, Communication & Society}
}

@article{keohane_1998_power,
  author = {Keohane, Robert O. and Nye, Joseph S.},
  pages = {81},
  title = {Power and Interdependence in the Information Age},
  doi = {10.2307/20049052},
  volume = {77},
  year = {1998},
  journal = {Foreign Affairs}
}

@book{buzan_1998_security,
  author = {Buzan, Barry and Waever, Ole and De Wilde, Jaap},
  publisher = {Lynne Rienner},
  title = {Security: A New Framework for Analysis},
  year = {1998}
}

@article{balzacq_2016_securitization,
  author = {Balzacq, Thierry and Léonard, Sarah and Ruzicka, Jan},
  month = {07},
  pages = {494-531},
  title = {‘Securitization’ revisited: theory and cases},
  volume = {30},
  year = {2016},
  journal = {International Relations}
}

@misc{eroukhmanoff_2018_securitisation,
  author = {Eroukhmanoff, Clara},
  month = {01},
  title = {Securitisation Theory: An Introduction},
  url = {https://www.e-ir.info/2018/01/14/securitisation-theory-an-introduction/},
  year = {2018},
  organization = {E-International Relations}
}

@inbook{kasper_2020_towards,
  author = {Kasper, Agnes and Vernygora, Vlad},
  editor = {Harwood, Mark and Moncada, Stefano and Pace, Roderick},
  pages = {186–210},
  publisher = {University of Malta},
  title = {Towards a ‘Cyber Maastricht’: Two Steps Forward, One Step Back},
  url = {https://research.ulapland.fi/en/publications/towards-a-cyber-maastricht-two-steps-forward-one-step-back},
  urldate = {2023-09-29},
  year = {2020},
  organization = {The Future of the European Union: Demisting the debate},
  series = {The Future of the European Union: Demisting the debate}
}

@misc{councilonforeignrelations_2023_tracking,
  author = {{Council on Foreign Relations}},
  title = {Tracking State-Sponsored Cyberattacks Around the World},
  url = {https://www.cfr.org/cyber-operations},
  urldate = {2023-10-09},
  year = {2023},
  organization = {Council on Foreign Relations}
}

@article{nye_1971_transnational,
  author = {Nye, Joseph S. and Keohane, Robert O.},
  pages = {329–349},
  title = {Transnational Relations and World Politics: An Introduction},
  url = {https://www.jstor.org/stable/2706043},
  volume = {25},
  year = {1971},
  journal = {International Organization}
}

@article{mansfield_2021_embedded,
  author = {Mansfield, Edward D. and Rudra, Nita},
  month = {02},
  pages = {1-28},
  title = {Embedded Liberalism in the Digital Era},
  doi = {10.1017/s0020818320000569},
  urldate = {2021-04-11},
  year = {2021},
  journal = {International Organization}
}

@article{hansen_2009_digital,
  author = {Hansen, Lene and Nissenbaum, Helen},
  month = {12},
  pages = {1155-1175},
  title = {Digital Disaster, Cyber Security, and the Copenhagen School},
  doi = {10.1111/j.1468-2478.2009.00572.x},
  volume = {53},
  year = {2009},
  journal = {International Studies Quarterly}
}

@article{lacy_2018_securitization,
  author = {Lacy, Mark and Prince, Daniel},
  month = {01},
  pages = {100-115},
  title = {Securitization and the global politics of cybersecurity},
  doi = {10.1080/23269995.2017.1415082},
  volume = {8},
  year = {2018},
  journal = {Global Discourse}
}

@misc{dunn_2013_neofunctionalism,
  author = {Dunn, Thomas},
  title = {Neo-Functionalism and the European Union},
  url = {https://www.e-ir.info/2012/11/28/neo-functionalism-and-the-european-union/},
  year = {2013},
  organization = {E-International Relations}
}

@inbook{brantly_2022_battling,
  author = {Brantly, Aaron },
  editor = {Dunn Cavelty, Myriam  and Wenger, Andreas },
  month = {02},
  pages = {157-171},
  publisher = {Routledge},
  title = {Battling the bear: Ukraine's approach to national cyber and information security},
  url = {https://doi.org/10.4324/9781003110224},
  year = {2022},
  organization = {Cyber Security Politics},
  series = {Cyber Security Politics}
}

@misc{drozhzhin_2015_hacking,
  author = {Drozhzhin, Alex},
  month = {08},
  publisher = {Kaspersky},
  title = {Hacking a chemical plant},
  url = {https://www.kaspersky.com/blog/hacking-chemical-plant/9603/},
  year = {2015},
  organization = {Kaspersky.com}
}

@misc{redhotcyber_2023_colpito,
  author = {RedHotCyber},
  month = {04},
  title = {Colpito il Ministero del lavoro e Carabinieri. Gli hacker di NoName057 riprendono gli attacchi contro l'Italia},
  url = {https://www.redhotcyber.com/post/gli-hacker-di-noname057-riprendono-gli-attacchi-ddos-colpito-ministero-del-lavoro-e-carabinieri/},
  urldate = {2023-10-15},
  year = {2023},
  organization = {Red Hot Cyber}
}

@misc{mandiant_2023_killnet,
  author = {Mandiant},
  month = {07},
  title = {KillNet Showcases New Capabilities While Repeating Older Tactics},
  url = {https://www.mandiant.com/resources/blog/killnet-new-capabilities-older-tactics},
  urldate = {2023-10-15},
  year = {2023},
  organization = {Mandiant}
}

@misc{dykstra_2020_differentiating,
  author = {Dykstra, Josiah and Inglis, Chris and Walcott, Thomas},
  title = {Differentiating Kinetic and Cyber Weapons to Improve Integrated Combat},
  url = {https://ndupress.ndu.edu/Portals/68/Documents/jfq/jfq-99/jfq-99_116-123_Dykstra-Inglis-Walcott.pdf?ver=g74GeG8vGw7Qnee0ZByJIg%3D%3D},
  year = {2020}
}

@misc{lonergan_2021_cyber,
  author = {Lonergan, Erica and Schneider, Jacquelyn},
  month = {12},
  title = {Cyber Challenges for the New National Defense Strategy},
  url = {https://warontherocks.com/2021/12/cyber-challenges-for-the-new-national-defense-strategy/},
  year = {2021},
  organization = {War on the Rocks}
}

@book{krotofil_2015_rocking,
  author = {Krotofil, Marina and Larsen, Jason},
  month = {08},
  title = {Rocking the pocket book: Hacking chemical plants for competition and extortion},
  url = {https://media.defcon.org/DEF%20CON%2023/DEF%20CON%2023%20presentations/DEF%20CON%2023%20-%20Marina-Krotofil-Jason-Larsen-Rocking-the-Pocketbook-Hacking-Chemical-Plants-WP-UPDATED.pdf},
  urldate = {2023-10-28},
  year = {2015}
}

@article{wagnsson_2018_normative,
  author = {Wagnsson, Charlotte and Hellman, Maria},
  month = {05},
  pages = {1161-1177},
  title = {Normative Power Europe Caving In? EU under Pressure of Russian Information Warfare},
  doi = {10.1111/jcms.12726},
  volume = {56},
  year = {2018},
  journal = {JCMS: Journal of Common Market Studies}
}

@article{counciloftheeuropeanunion_2018_council,
  author = {{Council of the European Union}},
  month = {11},
  title = {EU Cyber Defence Policy Framework (2018 update)},
  url = {https://data.consilium.europa.eu/doc/document/ST-14413-2018-INIT/en/pdf},
  urldate = {2018-11-19},
  year = {2018},
  journal = {https://data.consilium.europa.eu/}
}

@article{eeas_2021_mil,
  author = {{European External Action Service}},
  month = {11},
  title = {European Union Military Vision and Strategy on Cyberspace as a Domain of Operations},
  url = {https://www.statewatch.org/media/2879/eu-eeas-military-vision-cyberspace-2021-706-rev4.pdf},
  urldate = {2021-01-01},
  year = {2021},
  journal = {https://www.statewatch.org/}
}

@misc{sdewar_2018_national,
  author = {S. Dewar,  Robert },
  month = {09},
  publisher = {ETH Zürich},
  title = {National Cybersecurity and Cyberdefense Policy Snapshots},
  url = {https://css.ethz.ch/content/dam/ethz/special-interest/gess/cis/center-for-securities-studies/pdfs/Cyber-Reports_National_Cybersecurity_and_Cyberdefense_Policy_Snapshots_Collection_1.pdf},
  urldate = {2022-12-18},
  year = {2018}
}

@misc{anssi_2022_le,
  author = {{ANSSI}},
  month = {08},
  title = {Le dispositif SAIV | ANSSI},
  url = {https://cyber.gouv.fr/le-dispositif-saiv},
  urldate = {2023-12-12},
  year = {2022},
  organization = {cyber.gouv.fr}
}

@misc{ministredesarmes_2021_lments,
  author = {{Ministère des Armées}},
  title = {Éléments Publics de Doctrine Militaire de Lutte Informatique d'Influence (L2I)},
  url = {https://www.defense.gouv.fr/sites/default/files/ema/doctrine_de_lutte_informatique_dinfluence_l2i.pdf},
  urldate = {2023-12-12},
  year = {2021}
}

@misc{ministredesarmes_2019_lments,
  author = {{Ministère des Armées}},
  title = {Éléments publics de doctrine militaire de lutte informatique offensive},
  url = {https://lignesdedefense.blogs.ouest-france.fr/files/E%CC%81le%CC%81ments%20publics%20de%20doctrine%20militaire%20de%20lutte%20informatique%20offensive%20%20.pdf},
  urldate = {2023-12-12},
  year = {2019}
}

@misc{ministredesarmes_2019_politique,
  author = {{Ministère des Armées}},
  title = {Politique ministérielle de lutte informatique défensive},
  url = {https://www.defense.gouv.fr/sites/default/files/ministere-armees/Politique%20minist%C3%A9rielle%20de%20lutte%20informatique%20d%C3%A9fensive.pdf},
  year = {2019},
  organization = {www.defense.gouv.fr}
}

@misc{sgdsn_2018_strategic,
  author = {{SGDSN}},
  title = {Strategic review of cyber defence},
  url = {https://www.sgdsn.gouv.fr/files/files/Publications/revue-cyber-resume-in-english.pdf},
  urldate = {2023-12-12},
  year = {2018}
}

@misc{ministryofeconomicaffairsandcommunication_2019_cybersecurity,
  author = {{Ministry of Economic Affairs and Communication}},
  title = {Cybersecurity Strategy 2019-2022},
  url = {https://www.mkm.ee/media/703/download},
  urldate = {2023-12-12},
  year = {2019}
}

@misc{defenceforces_2023_cyber,
  author = {{Defence Forces}},
  title = {Cyber Command},
  url = {https://mil.ee/en/landforces/cyber-command/},
  year = {2023},
  organization = {Estonian Defence Forces}
}

@misc{informationsystemauthority_2022_cyber,
  author = {{Information System Authority}},
  title = {Cyber defence of critical infrastructure },
  url = {https://www.ria.ee/en/cyber-security/cyber-defence-critical-infrastructure/cyber-defence-critical-infrastructure},
  urldate = {2023-12-12},
  year = {2022},
  organization = {www.ria.ee}
}

@article{oh_2019_exploring,
  author = {Oh, Lionel},
  month = {05},
  pages = {121-158},
  title = {Exploring Policy Conditions for Cyber Deterrence},
  doi = {10.37513/ciar.v12i2.516},
  urldate = {2020-09-04},
  volume = {12},
  year = {2019},
  journal = {Cornell Internation Affairs Review}
}

@misc{republicofestonia_2017_national,
  author = {{Republic of Estonia}},
  title = {National Security Concept},
  url = {https://www.kaitseministeerium.ee/sites/default/files/elfinder/article_files/national_security_concept_2017_0.pdf},
  urldate = {2023-12-12},
  year = {2017}
}

@article{kohler_2020_cyberdefense,
  author = {Kohler, Kevin },
  month = {09},
  title = {CYBERDEFENSE REPORT Estonia's National Cybersecurity and Cyberdefense Posture Policy and Organizations},
  doi = {10.3929/ethz-b-000438276},
  url = {https://css.ethz.ch/content/dam/ethz/special-interest/gess/cis/center-for-securities-studies/pdfs/Cyber-Reports-2020-09-Estonia.pdf},
  year = {2020},
  journal = {Cyber Defense Project}
}